

@article{jirgensons_Blockchain_2018,
  abstract = {Blockchain educational technology has created assessment and management tools for learner credentials that are permanent, transparent and sustainable while giving users direct access. Personal encrypted credentials enable users to shape lifelong learning pathways and personalizes education according to individual values and needs. They allow for the permanent documentation of both formal and informal learning based on transversal competencies, adjustable across the economic sector and responsive to situational needs. Badging was the initial response to online credentialing. Mozillaís open digital badges have become the unofficial global standard and the specifications remain free. They may be viewed in e-portfolios and social networks. Yet, if issuers cease hosting badges, they become invalid even when authentic. Some experiments with Blockchain technology remedy this situation by creating a permanent, secure and sustainable infrastructure for learning records. The MIT Media Lab has produced the bitcoin based BlockCerts; whereas the Knowledge Institute, Open University, UK has developed Ethereumís Smart Contracts to document Microcredentials (Badges). Both are Open Source products. Most EU nations are experimenting with educational Blockchain. The technology creates an infrastructure to document, store and manage credentials and provides learners with a sustainable record of achievements they can control. It also benefits universities by reducing administrative costs and bureaucracy.},
  author   = {Jirgensons, Merija and Kapenieks, Jānis},
  doi      = {10.2478/jtes-2018-0009},
  file     = {Jirgensons y Kapenieks - 2018 - Blockchain and the Future of Digital Learning Cred.pdf:C\:\\Users\\agusb\\Zotero\\storage\\K78K4D9C\\Jirgensons y Kapenieks - 2018 - Blockchain and the Future of Digital Learning Cred.pdf:application/pdf},
  issn     = {1691-5534},
  journal  = {Journal of Teacher Education for Sustainability},
  language = {en},
  number   = {1},
  pages    = {145--156},
  title    = {Blockchain and the {Future} of {Digital} {Learning} {Credential} {Assessment} and {Management}},
  url      = {https://content.sciendo.com/doi/10.2478/jtes-2018-0009},
  urldate  = {27/06/2020},
  volume   = {20},
  year     = {2018}
}

@book{choo_Blockchain_2020,
  address   = {Gewerbestrasse 11, 6330 Cham, Switzerland},
  doi       = {10.1007/978-3-030-38181-3},
  editor    = {Choo, Kim-Kwang Raymond and Dehghantanha, Ali and Parizi, Reza M.},
  file      = {Choo et al. - 2020 - Blockchain Cybersecurity, Trust and Privacy.pdf:C\:\\Users\\agusb\\Zotero\\storage\\STUXQCFG\\Choo et al. - 2020 - Blockchain Cybersecurity, Trust and Privacy.pdf:application/pdf},
  isbn      = {978-3-030-38180-6 978-3-030-38181-3},
  language  = {en},
  publisher = {Springer International Publishing},
  series    = {Advances in {Information} {Security}},
  title     = {Blockchain {Cybersecurity}, {Trust} and {Privacy}},
  urldate   = {27/06/2020},
  volume    = {79},
  year      = {2020}
}

@article{anjum_Blockchain_2017,
  abstract = {Cryptocurrency applications of distributed ledger methods such as Blockchains are now well established, but their implications for more general topics are just beginning to be appreciated. Beyond applications in finance and banking, new applications are emerging in supply chain management, manufacturing, agricultural product tracking, advertising verification, Internet of Things, healthcare, and the pharmaceutical industry, among others.},
  author   = {Anjum, Ashiq and Sporny, Manu and Sill, Alan},
  doi      = {10.1109/MCC.2017.3791019},
  file     = {Anjum et al. - 2017 - Blockchain Standards for Compliance and Trust.pdf:C\:\\Users\\agusb\\Zotero\\storage\\3BNBPBNT\\Anjum et al. - 2017 - Blockchain Standards for Compliance and Trust.pdf:application/pdf},
  issn     = {2325-6095},
  journal  = {IEEE Cloud Computing},
  language = {en},
  number   = {4},
  pages    = {84--90},
  title    = {Blockchain {Standards} for {Compliance} and {Trust}},
  urldate  = {27/06/2020},
  volume   = {4},
  year     = {2017}
}

@inproceedings{castellanos_cryptocurrency_2017,
  abstract   = {The diversity of energy prosumer types makes it difficult to create appropriate incentive mechanisms that satisfy both prosumers and energy system operators alike. Meanwhile, European energy suppliers buy Guarantees of Origin (GoO) which allow them to sell green energy at premium prices while in reality delivering grey energy to their customers. Blockchain technology has proven itself to be a robust paying system in which users transact money without the involvement of a third party. Blockchain tokens can be used to represent a unit of energy and, just as GoOs, be submitted to the market. This paper focuses on simulating marketplace using the Ethereum Blockchain and Smart Contracts, where prosumers can sell tokenized GoOs to consumers willing to subsidize renewable energy producers. Such markets bypass energy providers by allowing consumers to obtain tokenized GoOs directly from the producers, which in turn benefit directly from the earnings. Two market strategies where tokens are sold as GoOs have been simulated. In the Fix Price Strategy prosumers sell their tokens to the average GoO price of 2014. The Variable Price Strategy focuses on selling tokens at a price range defined by the difference between grey and green energy. The study finds that the Ethereum Blockchain is robust enough to functions as a platform for tokenized GoO trading. Simulation results have been compared and the results indicate that prosumers earn significantly more money by following the Variable Price Strategy.},
  address    = {Oshawa, ON, Canada},
  author     = {Castellanos, J. Alejandro F. and Coll-Mayor, Debora and Notholt, Jose Antonio},
  booktitle  = {2017 {IEEE} {International} {Conference} on {Smart} {Energy} {Grid} {Engineering} ({SEGE})},
  doi        = {10.1109/SEGE.2017.8052827},
  file       = {Castellanos et al. - 2017 - Cryptocurrency as guarantees of origin Simulating.pdf:C\:\\Users\\agusb\\Zotero\\storage\\H9XBFY8I\\Castellanos et al. - 2017 - Cryptocurrency as guarantees of origin Simulating.pdf:application/pdf},
  isbn       = {978-1-5386-1775-5 978-1-5386-1776-2},
  language   = {en},
  pages      = {367--372},
  publisher  = {IEEE},
  shorttitle = {Cryptocurrency as guarantees of origin},
  title      = {Cryptocurrency as guarantees of origin: {Simulating} a green certificate market with the {Ethereum} {Blockchain}},
  urldate    = {27/06/2020},
  year       = {2017}
}

@inproceedings{cheng_Blockchain_2018,
  abstract  = {According to the Taiwan Ministry of Education statistics, about one million graduates each year, some of them will go to countries, high schools or tertiary institutions to continue to attend, and some will be ready to enter the workplace employment. During the course of study, the students' all kinds of excellent performance certificates, score transcripts, diplomas, etc., will become an important reference for admitting new schools or new works. As schools make various awards or diplomas, only the names of the schools and the students are input. Due to the lack of effective anti-forge mechanism, events that cause the graduation certificate to be forged often get noticed. In order to solve the problem of counterfeiting certificates, the digital certificate system based on Blockchain technology would be proposed. By the unmodifiable property of Blockchain, the digital certificate with anti-counterfeit and verifiability could be made. The procedure of issuing the digital certificate in this system is as follows. First, generate the electronic file of a paper certificate accompanying other related data into the database, meanwhile calculate the electronic file for its hash value. Finally, store the hash value into the block in the chain system. The system will create a related QR-code and inquiry string code to affix to the paper certificate. It will provide the demand unit to verify the authenticity of the paper certificate through mobile phone scanning or website inquiries. Through the unmodifiable properties of the Blockchain, the system not only enhances the credibility of various paper-based certificates, but also electronically reduces the loss risks of various types of certificates.},
  address   = {Chiba, Japan},
  author    = {Cheng, Jiin-Chiou and Lee, Narn-Yih and Chi, Chien and Chen, Yi-Hua},
  booktitle = {2018 {IEEE} {International} {Conference} on {Applied} {System} {Invention} ({ICASI})},
  doi       = {10.1109/ICASI.2018.8394455},
  file      = {Cheng et al. - 2018 - Blockchain and smart contract for digital certific.pdf:C\:\\Users\\agusb\\Zotero\\storage\\D8Q7E48D\\Cheng et al. - 2018 - Blockchain and smart contract for digital certific.pdf:application/pdf},
  isbn      = {978-1-5386-4342-6},
  language  = {en},
  pages     = {1046--1051},
  publisher = {IEEE},
  title     = {Blockchain and smart contract for digital certificate},
  urldate   = {27/06/2020},
  year      = {2018}
}

@inproceedings{kosba_hawk_2016,
  abstract   = {Emerging smart contract systems over decentralized cryptocurrencies allow mutually distrustful parties to transact safely without trusted third parties. In the event of contractual breaches or aborts, the decentralized Blockchain ensures that honest parties obtain commensurate compensation. Existing systems, however, lack transactional privacy. All transactions, including ﬂow of money between pseudonyms and amount transacted, are exposed on the Blockchain.},
  address    = {San Jose, CA, USA},
  author     = {Kosba, Ahmed and Miller, Andrew and Shi, Elaine and Wen, Zikai and Papamanthou, Charalampos},
  booktitle  = {2016 {IEEE} {Symposium} on {Security} and {Privacy} ({SP})},
  doi        = {10.1109/SP.2016.55},
  file       = {Kosba et al. - 2016 - Hawk The Blockchain Model of Cryptography and Pri.pdf:C\:\\Users\\agusb\\Zotero\\storage\\8ZFTVHXN\\Kosba et al. - 2016 - Hawk The Blockchain Model of Cryptography and Pri.pdf:application/pdf},
  isbn       = {978-1-5090-0824-7},
  language   = {en},
  pages      = {839--858},
  publisher  = {IEEE},
  shorttitle = {Hawk},
  title      = {Hawk: {The} {Blockchain} {Model} of {Cryptography} and {Privacy}-{Preserving} {Smart} {Contracts}},
  urldate    = {27/06/2020},
  year       = {2016}
}

@inproceedings{bragagnolo_smartinspect_2018,
  abstract   = {Solidity is a language used for smart contracts on the Ethereum Blockchain. Smart contracts are embedded procedures stored with the data they act upon. Debugging smart contracts is a really difﬁcult task since once deployed, the code cannot be reexecuted and inspecting a simple attribute is not easily possible because data is encoded. In this paper, we address the lack of inspectability of a deployed contract by analyzing contract state using decompilation techniques driven by the contract structure deﬁnition. Our solution, SmartInspect, also uses a mirror-based architecture to represent locally object responsible for the interpretation of the contract state. SmartInspect allows contract developers to better visualize and understand the contract stored state without needing to redeploy, nor develop any ad-hoc code.},
  address    = {Campobasso},
  author     = {Bragagnolo, Santiago and Rocha, Henrique and Denker, Marcus and Ducasse, Stephane},
  booktitle  = {2018 {International} {Workshop} on {Blockchain} {Oriented} {Software} {Engineering} ({IWBOSE})},
  doi        = {10.1109/IWBOSE.2018.8327566},
  file       = {Bragagnolo et al. - 2018 - SmartInspect solidity smart contract inspector.pdf:C\:\\Users\\agusb\\Zotero\\storage\\UH8BFASH\\Bragagnolo et al. - 2018 - SmartInspect solidity smart contract inspector.pdf:application/pdf},
  isbn       = {978-1-5386-5986-1},
  language   = {en},
  pages      = {9--18},
  publisher  = {IEEE},
  shorttitle = {{SmartInspect}},
  title      = {{SmartInspect}: solidity smart contract inspector},
  urldate    = {30/06/2020},
  year       = {2018}
}

@misc{estatuto,
  author   = {UNaM},
  file     = {ESTATUTO DE LA UNIVERSIDAD NACIONAL DE MISIONES.pdf:C\:\\Users\\agusb\\Zotero\\storage\\E6WZJNV8\\ESTATUTO DE LA UNIVERSIDAD NACIONAL DE MISIONES.pdf:application/pdf},
  language = {es},
  pages    = {29},
  title    = { {Estatuto de la Universidad Nacional de Misiones X Asamblea Universitarioa }. },
  year     = {2012},
  urldate    = {2020},

}

@article{retamal_Blockchain_2017,
  author   = {Retamal, Carlos Dolader and Roig, Joan Bel and Muños Tapia, Jose Luis},
  file     = {Retamal - LA BLOCKCHAIN FUNDAMENTOS, APLICACIONES Y RELACIÓ.pdf:C\:\\Users\\agusb\\Zotero\\storage\\3I7HDAUY\\Retamal - LA BLOCKCHAIN FUNDAMENTOS, APLICACIONES Y RELACIÓ.pdf:application/pdf},
  issn     = {0422-2784},
  journal  = {Dialnet},
  language = {es},
  pages    = {33--40},
  title    = {La Blockchain: fundamentos, aplicaciones y relación con otras tecnologías disruptivas},
  year     = {2017}
}

@book{drescher_Blockchain_2017,
  abstract  = {In 25 concise steps, you will learn the basics of Blockchain technology. No mathematical formulas, program code, or computer science jargon are used.No previous knowledge in computer science, mathematics, programming, or cryptography is required. Terminology is explained through pictures, analogies, and metaphors..

This book bridges the gap that exists between purely technical books about the Blockchain and purely business-focused books. It does so by explaining both the technical concepts that make up the Blockchain and their role in business-relevant applications.

What You Will Learn:

    What the Blockchain is
    Why it is needed and what problem it solves
    Why there is so much excitement about the Blockchain and its potential
    Major components and their purpose
    How components work and interact
    Limitations, why they exist, and what has been done to overcome them
    Major application scenarios},
  address   = {Berkeley, CA},
  author    = {Drescher, Daniel},
  doi       = {10.1007/978-1-4842-2604-9},
  file      = {Drescher - 2017 - Blockchain Basics.pdf:C\:\\Users\\agusb\\Zotero\\storage\\9KGBUFGV\\Drescher - 2017 - Blockchain Basics.pdf:application/pdf},
  isbn      = {978-1-4842-2603-2 978-1-4842-2604-9},
  language  = {en},
  publisher = {Apress},
    publisher = {Springer International Publishing},

  title     = {Blockchain {Basics}},
  year      = {2017}
}

@article{nofer_Blockchain_2017,
  author   = {Nofer, Michael and Gomber, Peter and Hinz, Oliver and Schiereck, Dirk},
  doi      = {10.1007/s12599-017-0467-3},
  file     = {Nofer et al. - 2017 - Blockchain.pdf:C\:\\Users\\agusb\\Zotero\\storage\\FZV3ZNJX\\Nofer et al. - 2017 - Blockchain.pdf:application/pdf},
  issn     = {2363-7005, 1867-0202},
  journal  = {Business \& Information Systems Engineering},
  language = {en},
  number   = {3},
  pages    = {183--187},
  title    = {Blockchain},
  volume   = {59},
  year     = {2017}
}



@article{badreddin_Blockchain_2018,
  author   = {Badreddin, Omar and Rivera, Abel Gomez and Malik, Adeel},
  file     = {Badreddin et al. - Blockchain Fundamentals and Development Platforms.pdf:C\:\\Users\\agusb\\Zotero\\storage\\SFTIFB4E\\Badreddin et al. - Blockchain Fundamentals and Development Platforms.pdf:application/pdf},
  journal  = {IBM Corp},
  language = {en},
  pages    = {3},
  title    = {Blockchain {Fundamentals} and {Development} {Platforms}},
  year     = {2018}
}

@article{nofer_Blockchain_2017-1,
  author   = {Nofer, Michael and Gomber, Peter and Hinz, Oliver and Schiereck, Dirk},
  doi      = {10.1007/s12599-017-0467-3},
  file     = {Nofer et al. - 2017 - Blockchain.pdf:C\:\\Users\\agusb\\Zotero\\storage\\ATYI45X3\\Nofer et al. - 2017 - Blockchain.pdf:application/pdf},
  issn     = {2363-7005, 1867-0202},
  journal  = {Business \& Information Systems Engineering},
  language = {en},
  number   = {3},
  pages    = {183--187},
  title    = {Blockchain},
  volume   = {59},
  year     = {2017}
}


@inproceedings{halpin_introduction_2017,
  abstract  = {The Blockchain has fueled one of the most enthusiastic bursts of activity in applied cryptography in years, but outstanding problems in security and privacy research must be solved for Blockchain technologies to go beyond the hype and reach their full potential. At the ﬁrst IEEE Privacy and Security on the Blockchain Workshop (IEEE S\&B), we presented peer-reviewed papers bringing together academia and industry to analyze problems ranging from deploying newer cryptographic primitives on Bitcoin to enabling usecases like privacy-preserving ﬁle storage. We overview not only the larger problems the workshop has set out to tackle, but also outstanding unsolved issues that will require further cooperation between academia and the Blockchain community.},
  address   = {Paris, France},
  author    = {Halpin, Harry and Piekarska, Marta},
  booktitle = {2017 {IEEE} {European} {Symposium} on {Security} and {Privacy} {Workshops} ({EuroS}\&{PW})},
  doi       = {10.1109/EuroSPW.2017.43},
  file      = {Halpin y Piekarska - 2017 - Introduction to Security and Privacy on the Blockc.pdf:C\:\\Users\\agusb\\Zotero\\storage\\QTS7JHDR\\Halpin y Piekarska - 2017 - Introduction to Security and Privacy on the Blockc.pdf:application/pdf},
  isbn      = {978-1-5386-2244-5},
  language  = {en},
  pages     = {1--3},
  publisher = {IEEE},
  title     = {Introduction to {Security} and {Privacy} on the {Blockchain}},
  year      = {2017}
}




@phdthesis{garcia_rojas_implementacion_2008,
  address  = {Lima, Perú},
  author   = {Garcia Rojas, Walter Augusto},
  file     = {GARCÍA_WALTER_IMPLEMENTACIÓN_DE_FIRMA_DIGITAL_EN_UNA_PLATAFORMA_DE_COMERCIO_ELECTRÓNICO.pdf:C\:\\Users\\agusb\\Zotero\\storage\\2UZMUMAS\\GARCÍA_WALTER_IMPLEMENTACIÓN_DE_FIRMA_DIGITAL_EN_UNA_PLATAFORMA_DE_COMERCIO_ELECTRÓNICO.pdf:application/pdf},
  language = {Español},
  school   = {Universidad Católica del Perú},
  url      = {https://tesis.pucp.edu.pe/repositorio/handle/20.500.12404/352},
  title    = {Implementación de firma digital en una plataforma  de comercio electrónico.},
  year     = {2008}
}

@book{dannen_introducing_2017,
  address    = {Berkeley, CA},
  author     = {Dannen, Chris},
  doi        = {10.1007/978-1-4842-2535-6},
  file       = {Dannen - 2017 - Introducing Ethereum and Solidity Foundations of .pdf:C\:\\Users\\agusb\\Zotero\\storage\\4K6AE3X7\\Dannen - 2017 - Introducing Ethereum and Solidity Foundations of .pdf:application/pdf},
  isbn       = {978-1-4842-2534-9 978-1-4842-2535-6},
  language   = {en},
  publisher  = {Apress},
  shorttitle = {Introducing {Ethereum} and {Solidity}},
  title      = {Introducing {Ethereum} and {Solidity}: {Foundations} of {Cryptocurrency} and {Blockchain} {Programming} for {Beginners}},
  year       = {2017}
}

@phdthesis{avila_implementacion_2015,
  abstract = {Esta tesis trata de un ámbito teórico, conceptos de organización, tipos de organizaciones y sus procesos, significado de sistemas de información en los cuales se involucra la firma digital; y permite conocer detalles de certificados digitales, firmas digitales, el uso, los organismos relacionados y leyes. Contiene el análisis de procesos diseñados de una organización de gobierno para implementar el procedimiento de legalización de documentos mediante el uso de firma digital.},
  address  = {Guayaquil Ecuador},
  author   = {Avila, John Guillermo Palomeque},
  file     = {Avila - MAGISTER EN SEGURIDAD INFORMÁTICA APLICADA.pdf:C\:\\Users\\agusb\\Zotero\\storage\\FNWL8W74\\Avila - MAGISTER EN SEGURIDAD INFORMÁTICA APLICADA.pdf:application/pdf},
  language = {es},
  school   = {Escuela Superior Politécnica Del Litoral},
  title    = {Implementación de certificados y firmas digitales para sistemas de información transaccionales en una empresa gubernamental.},
  year     = {2015}
}

@phdthesis{sadouskaya_adoption_2017,
  abstract = {This thesis was focused on analyzing the innovative technology “Blockchain” and the potential of Blockchain-based applications.},
  author   = {Sadouskaya, Krystsina},
  file     = {Sadouskaya - Adoption of Blockchain Technology in Supply Chain .pdf:C\:\\Users\\agusb\\Zotero\\storage\\SBJY99TB\\Sadouskaya - Adoption of Blockchain Technology in Supply Chain .pdf:application/pdf},
  language = {en},
  title    = {Adoption of {Blockchain} {Technology} in {Supply} {Chain} and {Logistics}},
  year     = {2017}
}

@inproceedings{schollmeier_definition_2002,
  address   = {Linkoping, Sweden},
  author    = {Schollmeier, R.},
  booktitle = {Proceedings {First} {International} {Conference} on {Peer}-to-{Peer} {Computing}},
  doi       = {10.1109/P2P.2001.990434},
  file      = {Schollmeier - 2002 - A definition of peer-to-peer networking for the cl.pdf:C\:\\Users\\agusb\\Zotero\\storage\\GQ2GD5VZ\\Schollmeier - 2002 - A definition of peer-to-peer networking for the cl.pdf:application/pdf},
  isbn      = {978-0-7695-1503-8},
  language  = {en},
  pages     = {101--102},
  publisher = {IEEE Comput. Soc},
  title     = {A definition of peer-to-peer networking for the classification of peer-to-peer architectures and applications},
  urldate   = {04/08/2020},
  year      = {2002}
}


@webpage{Blockchain_federal_argentina_protocolos_2020,
  author       = {BFA},
  detail = {\url{https://bfa.ar/Blockchain/protocolos-de-consenso}},
  journal      = {BFA},
  language     = {Español},
  title        = { Protocolos de consenso},
  url          = {https://bfa.ar/Blockchain/protocolos-de-consenso},
  urldate      = {05/08/2020},
  year         = {}
}



@article{raskin_law_2017,
  abstract = {A new technology called “smart contracts” has emerged. What makes these legal agreements innovative is that their execution is made automatic through the use of computers. This Article examines smart contracts from a legal perspective. Specifically, this Article explains smart contracts’ operation and place in existing contract law. It introduces a distinction between strong and weak smart contracts, as defined by the costs of their revocation and modification. The article concludes that smart contracts are simply a new form of preemptive self-help that should not be discouraged by the legislatures or courts. While certain unconscionable examples of strong smart contracts may need to be policed, judges and policymakers should foster a climate that treats smart contracts as another form of more traditional agreements.},
  author   = {Raskin, Max},
  doi      = {https://ssrn.com/abstract=2959166},
  file     = {Raskin - 2017 - THE LAW AND LEGALITY OF SMART CONTRACTS.pdf:C\:\\Users\\agusb\\Zotero\\storage\\76MQRE56\\Raskin - 2017 - THE LAW AND LEGALITY OF SMART CONTRACTS.pdf:application/pdf},
  journal  = {1 Georgetown Law Technology Review 304},
  language = {en},
  pages    = {37},
  title    = {The law and legality of smart contracts.},
  volume   = {1},
  year     = {2017}
}

@webpage{Blockchain_federal_argentina_smart_2020,
  author       = {BFA},
  detail = {\url{https://bfa.ar/Blockchain/smart-contracts}},
  journal      = {BFA},
  language     = {es},
  title        = { Smart {Contracts}},
  url          = {https://bfa.ar/Blockchain/smart-contracts},
  urldate      = {05/08/2020},
  year         = {}
}

@webpage{Blockchain_federal_argentina_bfa_2020,
  author       = {BFA},
  detail = {\url{https://bfa.ar/bfa/como-funciona}},
  journal      = {BFA},
  language     = {es},
  title        = { {BFA} como funciona},
  url          = {https://bfa.ar/bfa/como-funciona},
  year         = {},
  urldate      = {13/08/2020}

}

@article{gauchi_risso_aproximacion_2012,
  author   = {Gauchi Risso, Verónica},
  doi      = {10.3989/redc.2012.4.869},
  file     = {Gauchi Risso - 2012 - Aproximación teórica a la relación entre los térmi.pdf:C\:\\Users\\agusb\\Zotero\\storage\\IYJRPXH4\\Gauchi Risso - 2012 - Aproximación teórica a la relación entre los térmi.pdf:application/pdf},
  issn     = {1988-4621, 0210-0614},
  journal  = {Revista española de Documentación Científica},
  language = {es},
  number   = {4},
  pages    = {531--554},
  title    = {  Aproximación teórica a la relación entre los términos gestión documental, gestión de información y gestión del conocimiento},
  urldate  = {19/08/2020},
  volume   = {35},
  year     = {2012}
}

@article{nakamoto_bitcoin_2008,
  abstract = {A purely peer-to-peer version of electronic cash would allow online payments to be sent directly from one party to another without going through a financial institution. Digital signatures provide part of the solution, but the main benefits are lost if a trusted third party is still required to prevent double-spending. We propose a solution to the double-spending problem using a peer-to-peer network. The network timestamps transactions by hashing them into an ongoing chain of hash-based proof-of-work, forming a record that cannot be changed without redoing the proof-of-work. The longest chain not only serves as proof of the sequence of events witnessed, but proof that it came from the largest pool of CPU power. As long as a majority of CPU power is controlled by nodes that are not cooperating to attack the network, they'll generate the longest chain and outpace attackers. The network itself requires minimal structure. Messages are broadcast on a best effort basis, and nodes can leave and rejoin the network at will, accepting the longest proof-of-work chain as proof of what happened while they were gone.},
  author   = {Nakamoto, Satoshi},
  file     = {Nakamoto - Bitcoin A Peer-to-Peer Electronic Cash System.pdf:C\:\\Users\\agusb\\Zotero\\storage\\CQL2T5GX\\Nakamoto - Bitcoin A Peer-to-Peer Electronic Cash System.pdf:application/pdf},
  language = {en},
  pages    = {9},
  title    = {Bitcoin: {A} {Peer}-to-{Peer} {Electronic} {Cash} {System}},
  year     = {2008}
}






@misc{ethereum_que_2020,
  abstract     = {Descripción y funcionamiento de Ethereum},
  author       = {Ethereum},
  detail = {Accedido el 2020-11-09 \url{https://ethereum.org/es/what-is-ethereum/}},
  journal      = {what is ethereum},
  title        = { ¿{Qué} es {Ethereum}?},
  url          = {https://ethereum.org/es/what-is-ethereum/},
  urldate      = {09/11/2020},
  publisher    = {ethereum.org},
  year         = {2020}
}

@misc{opencerts_gestion_nodate,
  author       = {OpenCerts},
  detail = {Accedido el 2020-11-12 \url{http://informatica.blogs.uoc.edu/2018/09/06/gestion-de-certificados-academicos-sobre-la-Blockchain-ethereum/}},
  title        = { Gestión de certificados académicos sobre la Blockchain{Ethereum}},
  url          = {https://informatica.blogs.uoc.edu/gestion-de-certificados-academicos-sobre-la-blockchain-ethereum},
  urldate      = {12/11/2020},
  year         = {2018},
  publisher    = {Universitat Oberta de Catalunya}
}

@misc{opencerts_frequently_nodate,
  author       = {OpenCerts},
  detail = {Accedido el 2021-07-23 \url{https://www.opencerts.io/faq}},
  journal      = {Frequently Asked Questions},
  title        = { Frequently {Asked} {Questions}},
  url          = {https://www.opencerts.io/faq},
  publisher    = {opencerts},
  urldate      = {23/07/2021}
}

@misc{clementin_provincia_2021,
  author       = {Clementín, Fernando},
  detail = {Accedido el 2021-07-26 \url{https://www.criptonoticias.com/regulacion/provincia-argentina-misiones-podria-emitir-propia-stablecoin/}},
  title        = { La provincia argentina de {Misiones} podría emitir su propia stablecoin},
  url          = {https://www.criptonoticias.com/regulacion/provincia-argentina-misiones-podria-emitir-propia-stablecoin/},
  urldate      = {26/07/2021},
  publisher    = {criptonoticias},
  year         = {2021}
}

@misc{blockcerts_introduction_nodate,
  author       = {BlockCerts},
  detail = {Accedido el 2020-11-12 \url{https://www.blockcerts.org/guide/}},
  title        = { Introduction {BlockCerts}},
  url          = {https://www.blockcerts.org/guide/},
  urldate      = {12/11/2020}
}


@misc{edublocs_nueve_2019,
  author       = {Edublocs},
  detail = {Accedido el 2020-11-12 \url{https://www.edublocs.org/noticias/params/post/1783300/nueve-universidades-utilizan-blockcerts-para-crear-un-acreditaciones-digita}},
  title        = { Nueve universidades utilizan blockcerts para crear un acreditaciones digitales},
  url          = {https://www.edublocs.org/noticias/params/post/1783300/nueve-universidades-utilizan-blockcerts-para-crear-un-acreditaciones-digita},
  urldate      = {12/11/2020},
  publisher    = {edublocs},
  year         = {2019}
}




@misc{Blockchain_federal_argentina_que_nodate,
  author       = {BFA},
  detail = {Accedido el 2020-11-13 \url{https://bfa.ar/bfa/que-es-bfa}},
  title        = { Que es {BFA}},
  url          = {https://bfa.ar/bfa/que-es-bfa},
  urldate      = {13/11/2020}
}

@misc{Blockchain_federal_argentina_aplicaciones_nodate,
  author       = {BFA},
  detail = {Accedido el 2020-11-13 \url{https://bfa.ar/bfa/aplicaciones}},
  title        = { Aplicaciones en {BFA}},
  url          = {https://bfa.ar/bfa/aplicaciones},
  urldate      = {13/11/2020}
}

@misc{cointelegraph_criptomonedas_nodate,
  author       = {cointelegraph},
  detail = {Accedido el 2020-11-14 \url{https://es.cointelegraph.com/bitcoin-for-beginners/what-are-cryptocurrencies}},
  title        = { Criptomonedas: qué son y cómo funciona el dinero digital},
  url          = {https://es.cointelegraph.com/bitcoin-for-beginners/what-are-cryptocurrencies},
  urldate      = {14/11/2020}
}

@misc{iris_barcelo_ferre_criptomoneda_nodate,
  author       = {Iris Barceló Ferre},
  detail = {Accedido el 2020-11-14 \url{https://economipedia.com/definiciones/criptomoneda.html}},
  title        = { Criptomoneda},
  url          = {https://economipedia.com/definiciones/criptomoneda.html},
  urldate      = {14/11/2020}
}
@techreport{brys_cadena_2019,
  abstract = {Un abordaje comprensible a su definición y posibles usos},
  author   = {Brys, Carlos},
  file     = {Brys - 2019 - La Cadena de Bloques Blockchain.pdf:C\:\\Users\\agusb\\Zotero\\storage\\36NQIEV2\\Brys - 2019 - La Cadena de Bloques Blockchain.pdf:application/pdf},
  language = {es},
  title    = {La {Cadena} de {Bloques} {Blockchain}: Un abordaje comprensible a su definición y posibles usos},
  urldate  = {14/11/2020},
  publisher= {Ministerio de Coordinación General de Gabinete},
  year     = {2019}
}
@misc{tether_tether_2016,
  author       = {Tether},
  file         = {TetherWhitePaper.pdf:C\:\\Users\\agusb\\Zotero\\storage\\ZHGP3N5W\\TetherWhitePaper.pdf:application/pdf},
  detail = {\url{https://tether.to/wp-content/uploads/2016/06/TetherWhitePaper.pdf}},
  title        = { Tether: {Fiat} currencies on the {Bitcoin} Blockchain},
  url          = {https://tether.to/wp-content/uploads/2016/06/TetherWhitePaper.pdf},
  urldate      = {14/11/2020},
  year         = {2016}
}

@book{joaquin_lopez_lerida_economiBlockchain_2016,
  author    = {Joaquín López Lérida, José Juan Mora Pérez},
  copyright = {Creative Commons},
  file      = {La-economía-de-Blockchain.pdf:C\:\\Users\\agusb\\Zotero\\storage\\KLPFPTIV\\La-economía-de-Blockchain.pdf:application/pdf},
  isbn      = {978-1-5346-8082-1},
  title     = {La economía de {Blockchain}},
  year      = {2016},
  publisher ={Kindle} 
}

@misc{dagostino_exclusivo_nodate,
  author       = {D'Agostino, Alejandro},
  detail = {Accedido el 2020-11-15 \url{https://www.iproup.com/economia-digital/18143-bitcoin-como-es-el-proyecto-de-ley-de-criptomonedas}},
  title        = { Exclusivo: este el proyecto de ley para impulsar criptomonedas, activos digitales y el {ePeso} en la {Argentina}},
  url          = {https://www.iproup.com/economia-digital/18143-bitcoin-como-es-el-proyecto-de-ley-de-criptomonedas},
  year         = {2020},
  publisher ={iproup} 

}

@misc{unlp_certificado_2020,
  author       = {UNLP},
  detail = {Accedido el 2020-11-16 \url{https://unlp.edu.ar/institucional/la-unlp-le-dijo-adios-al-rollo-de-cartulina-y-ya-entrega-diplomas-digitales-a-sus-graduados-19584}},
  journal      = {La UNLP le dijo adiós al rollo de cartulina y ya entrega diplomas digitales a sus graduados},
  title        = { Certificado {Digital} en la {UNLP}},
  url          = {https://unlp.edu.ar/institucional/la-unlp-le-dijo-adios-al-rollo-de-cartulina-y-ya-entrega-diplomas-digitales-a-sus-graduados-19584},
  urldate      = {16/11/2020},
  year         = {2020}
}
 
  @misc{facultad_de_farmacia_y_bioquimica_universidad_de_buenos_aires_diploma_2020,
  author       = {Facultad de Farmacia y Bioquímica Universidad de Buenos Aires},
  detail = {Accedido el 2020-11-16 \url{http://www.ffyb.uba.ar/PRINCIPAL/agenda/diploma-digital?es}},
  journal      = {DIPLOMA DIGITAL},
  title        = { {DIPLOMA} {DIGITAL} {UBA}},
  url          = {http://www.ffyb.uba.ar/PRINCIPAL/agenda/diploma-digital?es},
  urldate      = {16/11/2020},
  year         = {2020}
}

@misc{universidad_de_buenos_aires_resolucion_2020,
  abstract     = {Resolicón para emisión de titulos deigitales en la UBA},
  author       = {Universidad de Buenos Aires},
  detail = {Accedido 2020-11-16 \url{http://app.ffyb.uba.ar/doc/diplomadigital.pdf}},
  shorttitle   = {{REGLAMENTO} {PARA} {LA} {CONFECCIÓN} {Y} {EXPEDICIÓN} {DE} {DIPLOMAS}, {CERTIFICADOS} {DE} {REVÁLIDAS} {Y} {CERTIFICADOS} {ANALÍTICOS} {DE} {ESTUDIOS}},
  title        = { Resolución {RESCS}-2020-271-{E}-{UBA}-{REC}},
  url          = {http://app.ffyb.uba.ar/doc/diplomadigital.pdf},
  urldate      = {16/11/2020},
  year         = {2020}
}

@misc{universidad_de_buenos_aires_anexo1_2020,
  author       = {Universidad de Buenos Aires},
  detail = {Accedido 2020-11-16 \url{http://app.ffyb.uba.ar/doc/DP_01.pdf}},
  title        = { Anexo 1 {REGLAMENTO} {PARA} {LA} {CONFECCIÓN} {Y} {EXPEDICIÓN} {DE} {DIPLOMAS}, {CERTIFICADOS} {DE} {REVÁLIDAS} {Y} {CERTIFICADOS} {ANALÍTICOS} {DE} {ESTUDIOS}},
  url          = {http://app.ffyb.uba.ar/doc/DP_01.pdf},
  urldate      = {16/11/2020},
  year         = {2020}
}

@misc{universidad_de_buenos_aires_anexo2_2020,
  author       = {Universidad de Buenos Aires},
  detail = {Accedido 2020-11-16 \url{http://app.ffyb.uba.ar/doc/DP_02.pdf}},
  title        = { Anexo 2 {MODELOS} {A} {ESCALA} {DE} {LOS} {DIPLOMAS} {Y} {CERTIFICADOS} {DE} {REVALIDAS} {EXPEDIDOS} {POR} {LA} {UNIVERSIDAD}},
  url          = {http://app.ffyb.uba.ar/doc/DP_02.pdf},
  urldate      = {16/11/2020},
  year         = {2020}
}

@phdthesis{hernandez_bas_implementacion_2018,
  author  = {Hernández Bas, María Pilar},
  file    = {IMPLEMENTACIÓN Y DESPLIEGUE DE UNA SOLUCIÓN DE GAMIFICACIÓN EN LA EMPRESA SOBRE REDES PÚBLICAS Y PRIVADAS BLOCKCHAIN.pdf:C\:\\Users\\agusb\\Zotero\\storage\\SWPVGUUC\\IMPLEMENTACIÓN Y DESPLIEGUE DE UNA SOLUCIÓN DE GAMIFICACIÓN EN LA EMPRESA SOBRE REDES PÚBLICAS Y PRIVADAS BLOCKCHAIN.pdf:application/pdf},
  title   = {{IMPLEMENTACIÓN} {Y} {DESPLIEGUE} {DE} {UNA} {SOLUCIÓN} {DE} {GAMIFICACIÓN} {EN} {LA} {EMPRESA} {SOBRE} {REDES} {PÚBLICAS} {Y} {PRIVADAS} {BLOCKCHAIN}},
  url     = {http://hdl.handle.net/11531/24916},
  urldate = {02/05/2021},
  year    = {2018}
}


@article{torres_Blockchain_nodate,
  abstract = {Blockchain technology is one of the systems that in this era we are living on, marked by digitization and the use of technological tools into business processes, is generating greater interest from the big powers, both private and public, especially from the financial sector. The attention that is being paid is due to the transparency and security that it provides in the transaction records. The purpose of this work is to know Blockchain technology and how its application can revolutionize the auditing sector.},
  author   = {Torres, Alberto De León},
  file     = {Torres - Blockchain características y estado actual. Posib.pdf:C\:\\Users\\agusb\\Zotero\\storage\\AMRWSS2M\\Torres - Blockchain características y estado actual. Posib.pdf:application/pdf},
  language = {es},
  pages    = {33},
  title    = {Blockchain: características y estado actual. {Posible} efecto sobre la auditoría. {Blockchain}: characteristics and current state. {Possible} effect on the audit.},
  year = {2020}
}


@book{preukschat_Blockchain_2018,
  address    = {Barcelona},
  author     = {Preukschat, Alex and Várez, Jose Luis and Kuchkovsky, Carlos and Gonzalo Gómez Lardies and Daniel Díez García and Íñigo Molero},
  file       = {Preukschat y Várez - 2018 - Blockchain la revolución industrial de internet.pdf:C\:\\Users\\agusb\\Zotero\\storage\\QDR9SQPI\\Preukschat y Várez - 2018 - Blockchain la revolución industrial de internet.pdf:application/pdf},
  isbn       = {978-84-9875-447-6},
  language   = {es},
  note       = {OCLC: 1079886042},
  publisher  = {Gestión 2000},
  shorttitle = {Blockchain},
  title      = {Blockchain: la revolución industrial de internet},
  year       = {2018}
}

@article{kelly_investigation_2018,
  author   = {Kelly, Jack and Lauer, Michelle and Prinster, Ryan and Zhang, Stephenie},
  file     = {Kelly et al. - Investigation of Blockchain Network Security.pdf:C\:\\Users\\agusb\\Zotero\\storage\\5W62B9WA\\Kelly et al. - Investigation of Blockchain Network Security.pdf:application/pdf},
  language = {en},
  pages    = {15},
  title    = { Investigation of {Blockchain} {Network} {Security}},
  year     = {2018}
}

@misc{ethereum_org_transactions_2021,
  author       = {Ethereum Org},
  detail = {Accedido 2021-04-05 \url{https://ethereum.org/en/developers/docs/transactions/}},
  journal      = {TRANSACTIONS},
  title        = { {TRANSACTIONS}},
  url          = {https://ethereum.org/en/developers/docs/transactions/},
  urldate      = {05/04/2021},
  publisher  = {ethereum},
  year         = {2021}
}

@article{vazquez_episodio_2020,
  author   = {Vázquez, Salas},
  file     = {Vázquez - Episodio clínico en Blockchain de Ethereum.pdf:C\:\\Users\\agusb\\Zotero\\storage\\8TJW545R\\Vázquez - Episodio clínico en Blockchain de Ethereum.pdf:application/pdf},
  journal  = {Universitat Oberta de Catalunya (UOC)},
  language = {es},
  pages    = {56},
  title    = {Episodio clínico en Blockchain de {Ethereum}},
  year     = {2020}
}

@article{back_hashcash_2002,
  abstract = {Hashcash was originally proposed as a mechanism to throttle systematic abuse of un-metered internet resources such as email, and anonymous remailers in May 1997. Five years on, this paper captures in one place the various applications, improvements suggested and related subsequent publications, and describes initial experience from experiments using hashcash.},
  author   = {Back, Adam},
  file     = {Back - Hashcash - A Denial of Service Counter-Measure.pdf:C\:\\Users\\agusb\\Zotero\\storage\\NSTNC66M\\Back - Hashcash - A Denial of Service Counter-Measure.pdf:application/pdf},
  language = {en},
  pages    = {10},
  title    = {Hashcash - A Denial of Service Counter-Measure},
  year     = {2002}
}


@article{king_ppcoin_2012,
  abstract = {A peer-to-peer crypto-currency design derived from Satoshi Nakamoto’s Bitcoin. Proof-of-stake replaces proof-of-work to provide most of the network security. Under this hybrid design proof-of-work mainly provides initial minting and is largely non-essential in the long run. Security level of the network is not dependent on energy consumption in the long term thus providing an energyefficient and more cost-competitive peer-to-peer crypto-currency. Proof-of-stake is based on coin age and generated by each node via a hashing scheme bearing similarity to Bitcoin’s but over limited search space. Block chain history and transaction settlement are further protected by a centrally broadcasted checkpoint mechanism.},
  author   = {King, Sunny and Nadal, Scott},
  file     = {King and Nadal - PPCoin Peer-to-Peer Crypto-Currency with Proof-of.pdf:C\:\\Users\\agusb\\Zotero\\storage\\YPC3VWZR\\King and Nadal - PPCoin Peer-to-Peer Crypto-Currency with Proof-of.pdf:application/pdf},
  pages    = {6},
  title    = {{PPCoin}: {Peer}-to-{Peer} {Crypto}-{Currency} with {Proof}-of-{Stake}},
  year     = {2012}
}

@misc{academia_que_2018,
  author    = {Academia, Blockchain},
  language  = {Español},
  publisher = {Youtube},
  title     = {¿{Qué} es {Proof} of {Stake}? {Programador} explica.},
  url       = {https://www.youtube.com/watch?v=2_vVII1K5yE},
  urldate   = {08/05/2021},
  year      = {2018}
}

@misc{avanzaexportador_certificados_2009,
  author       = {AvanzaExportador},
  year         = {2009},
  publisher = {Youtube},
  title        = { Certificados electrónicos y digitales. Firma electrónica},
  detail = {Youtube. \url{https://www.youtube.com/watch?v=EU6vgU077xU&t=208s}},
  url ={https://www.youtube.com/watch?v=EU6vgU077xU&t=208s},
  urldate      = {06/11/2020},
}

@misc{crypto_sheinix_bitcoin_2020,
  author       = {Crypto Sheinix},
  detail = {Accedido el 2020-11-06 \url{https://www.youtube.com/watch?v=mtDqU0yvwus}},
  title        = { Bitcoin Basico - Criptografía de llave pública llave privada - Explicación sencilla},
  url          = {https://www.youtube.com/watch?v=mtDqU0yvwus},
  urldate      = {06/11/2020},
  publisher = {Youtube},
  year         = {2020}
}

@misc{criptomonedas_tv_entrevista_2018,
  abstract     = {Daniel Páramo encargados de ventas en america latina, explica la utilización del estandar.},
  author       = {CriptoMonedasTV},
  detail = {Accedido el 2020-11-12 \url{https://www.youtube.com/watch?v=eJ9lCuEcUBU}},
  title        = { Entrevista: {BlockCerts} con {Daniel} {Páramo}},
  url          = {https://www.youtube.com/watch?v=eJ9lCuEcUBU},
  urldate      = {12/11/2020},
  publisher = {Youtube},
  year         = {2018}
}

@misc{ambito_cuales_2021,
  author       = {Ambito},
  detail = {Accedido 2021-05-09 \url{https://www.ambito.com/wallets/cuales-son-las-mejores-criptomonedas-n5182273}},
  journal      = {Cuáles son las mejores wallets para criptomonedas},
  title        = { Cuáles son las mejores wallets para criptomonedas},
  url          = {https://www.ambito.com/wallets/cuales-son-las-mejores-criptomonedas-n5182273},
  urldate      = {09/05/2021},
  publisher = {ambito},
  year         = {2021}
}

@misc{coinsenda_tipos_2019,
  author       = {Coinsenda},
  detail = {Accedido 2021-05-09 \url{https://medium.com/@coinsenda/tipos-de-wallet-8054a6418d3c}},
  journal      = {Tipos de Wallet},
  language     = {español},
  title        = { Tipos de {Wallet}},
  url          = {https://medium.com/@coinsenda/tipos-de-wallet-8054a6418d3c},
  urldate      = {09/05/2021},
  publisher = {medium},
  year         = {2019}
}

@misc{ethereum_solidity_nodate,
  author       = {Ethereum},
  detail = {Accedido 2021-05-12 \url{https://docs.soliditylang.org/en/v0.8.4/}},
  title        = { Solidity},
  url          = {https://docs.soliditylang.org/en/v0.8.4/},
  publisher = {soliditylang},
  urldate      = {12/05/2021}
}

@misc{metamask_introduction_2021,
  author       = {MetaMask},
  detail = {Accedido 2021-05-12 \url{https://docs.metamask.io/guide/#why-metamask}},
  journal      = {Introduction {\textbar} MetaMask Docs},
  title        = { Introduction},
  url          = {https://docs.metamask.io/guide/#why-metamask},
  urldate      = {21/05/2021},
  publisher = {metamask},
  year         = {2021}
}

@misc{truffle_truffle_nodate,
  author       = {TRUFFLE},
  detail = {Accedido 2021-05-12 \url{https://www.trufflesuite.com/docs/truffle/overview}},
  journal      = {TRUFFLE OVERVIEW},
  title        = { {TRUFFLE} {OVERVIEW}},
  url          = {https://www.trufflesuite.com/docs/truffle/overview},
  urldate      = {12/05/2021},
  publisher    = {trufflesuite}

}

@misc{remix_deploy_nodate,
  author       = {Remix},
  detail = {Accedido 2021-05-12 \url{https://remix-project.org/}},
  journal      = {Remix - Ethereum IDE \& community},
  title        = { {Deploy \& Run transactions in the Blockchain}},
  url          = {https://remix-project.org/},
  urldate      = {12/05/2021},
  publisher    = {remix}

}

@misc{web3js_web3js_2016,
  author       = {Web3js},
  detail = {Accedido 2021-05-12 \url{https://web3js.readthedocs.io/en/v1.3.4/}},
  journal      = {web3.js - Ethereum JavaScript API},
  title        = { web3.js - {Ethereum} {JavaScript} {API}},
  url          = {https://web3js.readthedocs.io/en/v1.3.4/},
  urldate      = {12/05/2021},
  year         = {2016}
}

@misc{mit_media_lab_what_2016,
  author       = {MIT Media Lab},
  detail = {Accedido 2021-05-17 \url{https://medium.com/mit-media-lab/what-we-learned-from-designing-an-academic-certificates-system-on-the-Blockchain-34ba5874f196#.4m4bmwcm0}},
  journal      = {What we learned from designing an academic certificates system on the Blockchain},
  title        = { What we learned from designing an academic certificates system on the Blockchain},
  url          = {https://medium.com/mit-media-lab/what-we-learned-from-designing-an-academic-certificates-system-on-the-Blockchain-34ba5874f196#.4m4bmwcm0},
  urldate      = {17/05/2021},
  publisher    = {medium},
  year         = {2016}
}

@misc{blockcerts_faq_nodate,
  author       = {BlockCerts},
  detail = {Accedido 2021-05-17 \url{https://www.blockcerts.org/guide/faq.html}},
  journal      = {FAQ},
  title        = { {FAQ}},
  url          = {https://www.blockcerts.org/guide/faq.html},
  publisher    = {blockcerts},
  urldate      = {17/05/2021}
}

@article{satoh_asic-hardware-focused_2007,
  abstract = {The hash functions MD5, RIPEMD-160, and SHA-1/224/256/384/512 were implemented by using a 0:13-mm CMOS standard cell library with two synthesis options, area and speed optimizations, and their performances were evaluated. The smallest circuit of 8.0 Kgates with a throughput of 934 Mbps, and the highest throughput of 2.9 Gbps with 27.3 Kgates were obtained for SHA-1 and SHA384/512, respectively. In terms of overall performance with consideration of the security levels, we conclude that SHA-256 is the best algorithm, with compact circuits of 11:5215:3 Kgates and high throughputs of 1:122:4 Gbps. Our implementations also showed the highest throughputs for all of the hash functions in comparison with the state of the art. These high performance hardware implementations can also be used to break hash functions. Therefore, we evaluated the hardware cost to break the most popular hash function SHA-1, and it was estimated that SHA-1 would be broken in 25 days with a \$1 million budget.},
  author   = {Satoh, Akashi and Inoue, Tadanobu},
  doi      = {10.1016/j.vlsi.2005.12.006},
  file     = {Satoh and Inoue - 2007 - ASIC-hardware-focused comparison for hash function.pdf:C\:\\Users\\agusb\\Zotero\\storage\\QU55N5W3\\Satoh and Inoue - 2007 - ASIC-hardware-focused comparison for hash function.pdf:application/pdf},
  issn     = {01679260},
  journal  = {Integration},
  language = {en},
  number   = {1},
  pages    = {3--10},
  title    = {{ASIC}-hardware-focused comparison for hash functions {MD5}, {RIPEMD}-160, and {SHS}},
  volume   = {40},
  year     = {2007}
}

@article{mayor_Blockchain_2017,
  author   = {Mayor, Carmen Esther Ocampo},
  file     = {Mayor - BLOCKCHAIN LA NUEVA BASE DE DATOS NO SQL EN BIG DA.pdf:C\:\\Users\\agusb\\Zotero\\storage\\NTB3G9NG\\Mayor - BLOCKCHAIN LA NUEVA BASE DE DATOS NO SQL EN BIG DA.pdf:application/pdf},
  journal  = {UNIVERSIDAD DE GUADALAJARA – CUCEA FACULTAD DE INGENIERIA},
  language = {es},
  number   = {UNIVERSIDAD LIBRE DE COLOMBIA},
  pages    = {32},
  title    = { {Blockchain la nueva base de datos no SQL en Big DAta}},
  year     = {2017}
}

@misc{ethereum_especificacion_nodate,
  author       = {Ethereum},
  detail = {Accedido 2021-05-25 \url{https://solidity-es.readthedocs.io/es/latest/abi-spec.html#:~:text=La%20Application%20Binary%20Interface%20(Interfaz,tipo%20acorde%20a%20esta%20especificaci%C3%B3n}},
  journal      = {Especificación de Application Binary Interface},
  title        = { Especificación de {Application} {Binary} {Interface}},
  url          = {https://solidity-es.readthedocs.io/es/latest/abi-spec.html#:~:text=La%20Application%20Binary%20Interface%20(Interfaz,tipo%20acorde%20a%20esta%20especificaci%C3%B3n},
  urldate      = {25/05/2021},
  publisher    = {soliditylang}
}
@misc{vue_cli_overview_2019,
  author       = {VUEJS},
  detail = {Accedido 2021-05-25 \url{https://cli.vuejs.org/guide/}},
  title        = { Overview},
  url          = {https://cli.vuejs.org/guide/},
  urldate      = {25/05/2021},
  year         = {2019},
  publisher    = {vuejs}

}

@misc{vuejs_introduction_nodate,
  author       = {VUEJS},
  detail = {Accedido 2021-06-02 \url{https://v3.vuejs.org/guide/introduction.html}},
  journal      = {Introduction},
  title        = { Introduction},
  url          = {https://v3.vuejs.org/guide/introduction.html},
  urldate      = {02/06/2021},
  publisher    = {vuejs}

}


@misc{Blockchain_federal_argentina_trazabilidad_nodate,
  author       = {BFA},
  detail = {Accedido 2021-06-09 \url{https://bfa.ar/Blockchain/casos-de-uso/trazabilidad-de-alimentos}},
  journal      = {Trazabilidad de alimentos},
  title        = { Trazabilidad de alimentos},
  url          = {https://bfa.ar/Blockchain/casos-de-uso/trazabilidad-de-alimentos},
  urldate      = {09/06/2021}
}

@misc{mozilla_trabajando_json,
  author       = {Mozilla},
  detail = {Accedido 2021-07-13 \url{https://developer.mozilla.org/es/docs/Learn/JavaScript/Objects/JSON}},
  journal      = {Trabajando con JSON},
  language     = {es},
  shorttitle   = {Trabajando con {JSON}},
  title        = { Trabajando con {JSON}},
  url          = {https://developer.mozilla.org/es/docs/Learn/JavaScript/Objects/JSON},
  urldate      = {13/07/2021},
  publisher    = {mozilla}

}

@misc{cripto247_2021_2021,
  author       = {Cripto247},
  detail = {Accedido 2021-08-12 \url{https://www.cripto247.com/comunidad-cripto/2021-el-ano-de-defi-las-tendencias-que-se-vienen-y-a-que-prestarle-atencion-199138}},
  journal      = {2021, el año de DeFi: las tendencias que se vienen y a qué prestarle atención},
  language     = {es},
  title        = { 2021, el año de {DeFi}: las tendencias que se vienen y a qué prestarle atención},
  url          = {https://www.cripto247.com/comunidad-cripto/2021-el-ano-de-defi-las-tendencias-que-se-vienen-y-a-que-prestarle-atencion-199138},
  urldate      = {11/08/2021},
  year         = {2021},
  publisher    = {cripto247}
}


@misc{noticiasdel6com_proyecto_2020,
  author       = {Noticiasdel6},
  detail = {Accedido 2021-08-12 \url{https://www.noticiasdel6.com/proyecto-colmena-un-modelo-de-recuperacion-de-residuos/}},
  journal      = {Proyecto Colmena: un modelo de recuperación de residuos},
  language     = {es},
  title        = { Proyecto {Colmena}: un modelo de recuperación de residuos},
  url          = {https://www.noticiasdel6.com/proyecto-colmena-un-modelo-de-recuperacion-de-residuos/},
  urldate      = {12/08/2021},
  year         = {2020},
  publisher    = {noticiasdel6}
}

@misc{jimenez_proyecto_2020,
  author       = {Jimenez, Daniel},
  detail = {Accedido 2021-08-12 \url{https://es.cointelegraph.com/news/colmena-project-based-on-blockchain-technology-received-a-special-mention-in-the-naves-2020-contest}},
  journal      = {Proyecto Colmena basado en tecnología Blockchain se llevó mención especial en concurso NAVES 2020},
  language     = {es},
  title        = { Proyecto {Colmena} basado en tecnología {Blockchain} se llevó mención especial en concurso {NAVES} 2020},
  url          = {https://es.cointelegraph.com/news/colmena-project-based-on-blockchain-technology-received-a-special-mention-in-the-naves-2020-contest},
  urldate      = {12/08/2021},
  year         = {2020},
  publisher    = {cointelegraph}

}


@article{alice_blockchain_2021,
  abstract = {The impact of Blockchain technology, which is presented as a disruptive innovation, generates opportunities and demands for the rethinking of the State's administrative processes. Decision makers, the political and legislative sphere, system developers and users are challenged to understand it and to develop projects for the different possibilities of its application. The potential of this technology makes the figure of the intermediary certifying institution expendable, since the nature of the blockchain delivers high levels of security and confidence. The consequences will be deep effects of change in the administrative sectors, which implies in the key actors, a high degree of attention and understanding in the short term.},
  author   = {Alice, Rambo and Juan, Jara and Oscar, Estigarribia and Rubén, Syniuk and Carlos, Brys},
  file     = {Alice et al. - Blockchain para el Gobierno Digital.pdf:C\:\\Users\\agusb\\Zotero\\storage\\GSWSGFDD\\Alice et al. - Blockchain para el Gobierno Digital.pdf:application/pdf},
  language = {es},
  pages    = {10},
  title    = { Blockchain para el {Gobierno} {Digital}},
  urldate  = {15/09/2021},
  year     = {2021}
}

@misc{camara_de_representantes_de_la_provincia_de_misiones_programa_2020,
  author       = {{Cámara de Representantes de la Provincia de Misiones}},
  detail = {Accedido 2021-07-26 \url{http://www.diputadosmisiones.gob.ar/nuevo/archivos/proyectos/P55666.pdf}},
  title        = { {Programa Misionero de Inovación Financiera con Tecnología Blockchain y Criptomoneda }},
  url          = {http://www.diputadosmisiones.gob.ar/nuevo/archivos/proyectos/P55666.pdf},
  urldate      = {21/10/2020},
  year         = {2020}
}

@misc{truffle_suite_ganache_nodate,
	title = {GANACHE OVERVIEW},
  detail = {Accedido 2020-11-12 \url{https://www.trufflesuite.com/docs/ganache/overview}},
	url = {https://www.trufflesuite.com/docs/ganache/overview},
	urldate = {12/11/2020},
	author = {TRUFFLE},
  publisher    = {trufflesuite}

}

@misc{educacionit_carrera_nodate,
	title = { {Carrera} {Blockchain}},
  detail = {Accedido 2021-05-12 \url{https://www.educacionit.com/carrera-blockchain}},
	url = {https://www.educacionit.com/carrera-blockchain},
	urldate = {12/05/2021},
	author = {Educacionit},
  publisher    = {educacionit}

}


@inproceedings{rezaeighaleh_new_2019,
	address = {Waikoloa, HI, USA},
	title = { New {Secure} {Approach} to {Backup} {Cryptocurrency} {Wallets}},
	isbn = {978-1-72810-962-6},
	doi = {10.1109/GLOBECOM38437.2019.9014007},
	abstract = {Bitcoin and other cryptocurrencies have become popular and motivate more hackers to steal digital funds. Users protect their private keys using crypto wallets to keep their funds safe from hackers. While the most secure option is hardware wallet, it suffers from lack of a secure and convenient backup and recovery process. Almost all existing wallets use mnemonics to back up the private keys, and a user must write down these words on a piece of paper. This approach is not only inconvenient but also problematic since the paper could be lost or stolen, resulting in a hacker recovering the keys. In this paper, we propose a new digital scheme to securely back up a hardware wallet relying on the side-channel human visual verification enabled by display screen on a hardware wallet. Using this method, we transfer the root of private keys from one hardware wallet to another wallet securely even via an untrusted terminal, such as a smartphone. At the end of this process, the user has two hardware wallets with the same private keys while she may use one of them as the main wallet and another one as a backup wallet.},
	language = {en},
	urldate = {2021-09-23},
	booktitle = {2019 {IEEE} {Global} {Communications} {Conference} ({GLOBECOM})},
	publisher = {IEEE},
	author = {Rezaeighaleh, Hossein and Zou, Cliff C.},
	year = {2019},
	pages = {1--6},
	file = {Rezaeighaleh and Zou - 2019 - New Secure Approach to Backup Cryptocurrency Walle.pdf:C\:\\Users\\agusb\\Zotero\\storage\\UQVDH8BL\\Rezaeighaleh and Zou - 2019 - New Secure Approach to Backup Cryptocurrency Walle.pdf:application/pdf},
}
